%% LaTeX2e file `OSP.bib'
%% generated by the `filecontents' environment
%% from source `OBS' on 2021/10/09.
%%

%Papers/Journals
@article{DMSO,
  title={In situ DMSO hydration measurements of HTS compound libraries},
  author={R. Ellson and  R. Stearns and M. Mutz and C. Brown and B. Browning and D. Harris and S. Qureshi and J. Shieh and D. Wold},
  journal={Comb. Chem. High Throughput Screening},
  volume={8},
  number={6},
  pages={489 - 498},
  year={2005},
  publisher={ACS Publications}
}

@article{Polypropylene,
  title={Fourier transform infrared spectroscopy (FTIR), Raman spectroscopy and wide-angle X-ray scattering (WAXS) of polypropylene (PP)/cyclic olefin copolymer (COC) blends for qualitative and quantitative analysis},
  author={Gopanna, Aravinthan and Mandapati, Ramesh N and Thomas, Selvin P and Rajan, Krishnaprasad and Chavali, Murthy},
  journal={Polymer Bulletin},
  volume={76},
  number={8},
  pages={4259--4274},
  year={2019},
  publisher={Springer}
}
@article{pet,
  title={Processing and characterization of PET composites reinforced with geopolymer concrete waste},
  author={Pereira, Ana Paula dos Santos and Silva, Marcelo Henrique Prado da and Lima J{\'u}nior, {\'E}dio Pereira and Paula, Andersan dos Santos and Tommasini, Fl{\'a}vio James},
  journal={Materials Research},
  volume={20},
  pages={411--420},
  year={2017},
  publisher={SciELO Brasil}
}

@dataset{Poly,
author = {Ashraf, Abdullah},
year = {2014},
month = {12},
pages = {},
title = {FTIR & UV-Vis analysis of Polymer(Polystyrene, LDPE) samples},
doi = {10.13140/2.1.3819.0880}
}

@article{nitrile,
author = {Jung, Melissa and Horgen, David and Orski, Sara and C., Viviana and Beers, Kathryn and Balazs, George and Jones, T. and Work, Thierry and Brignac, Kayla and Royer, Sarah-Jeanne and Hyrenbach, David and Jensen, Brenda and Lynch, Jennifer},
title = {Validation of ATR FT-IR to identify polymers of plastic marine debris, including those ingested by marine organisms},
journal = {Marine Pollution Bulletin},
volume = {127},
pages = {704--716},
year = {2017},
month = {12},
doi = {10.1016/j.marpolbul.2017.12.061}
}


%Books
@book{Book_Name,
 place={},
 title={},
  publisher={},
  author={},
  chapter = {},
  pages = {},
   year={}
   }


@book{meister,
  title={Grundpraktikum Physikalische Chemie: Theorie und Experimente},
  author={Meister, Erich},
  year={Version 22. Januar 2021},
  publisher={prov. 3.Aufl.,vdf Hochschulverlag AG an der ETH Zuerich}
}

@book{assignment,
  title={Structure Determination of Organic Compounds:Table of Spectral Data},
  author={Pretsch,E. and Buehlmann,P. and Badertscher,M.},
  year={2009},
  publisher={Springer}
}

@book{FTIR,
  title={Green synthesis, characterization and applications of nanoparticles},
  author={Shukla, Ashutosh Kumar and Iravani, Siavash},
  chapter = {12},
  pages = {303-319},
  year={2018},
  publisher={Elsevier}
}

% websites
@online{ethanol,
  author = {},
  title = {Ethanol 100983},
  year = {},
  url = {https://www.sigmaaldrich.com/catalog/product/mm/100983?lang=en},
  urldate = {2021-04-13}
}
@online{water,
  author = {},
  title = {Di water 848333},
  year = {},
  url = {https://www.sigmaaldrich.com/catalog/product/mm/848333?lang=en&region=GB},
  urldate = {2021-04-13}
}
@online{IRethanol,
  author = {SDBS},
  title = {SDBS No.: 1300},
  year = {},
  url = {https://sdbs.db.aist.go.jp/sdbs/cgi-bin/landingpage?sdbsno=1300},
  urldate = {2021-04-16}
}
@online{HBr,
  author = {},
  title = {Properties of Ionic Diatomic Molecules},
  year = {},
  url = {http://hydrogen.physik.uni-wuppertal.de/hyperphysics/hyperphysics/hbase/tables/diatomic.html},
  urldate = {2021-04-19}
}
@online{Benzoa,
  author = {},
  title = {Benzoic acid},
  year = {},
  url = {https://www.sigmaaldrich.com/catalog/substance/benzoicacid122126585011?lang=en&region=GB&gclid=Cj0KCQjw1PSDBhDbARIsAPeTqrdwRK5KWt69ckxLdhg2H2Tx7BlLJO36JvCCGX0tJXnqLvI58f2PFysaAop1EALw_wcB},
  urldate = {2021-04-19}
}
@online{DMSO1,
  author = {},
  title = {Dimethyl sulphoxide, dehydrated},
  year = {},
  url = {https://sg.vwr.com/store/product/2381554/dimethyl-sulphoxide-dehydrated-max-0-03-h2o-99-5-analar-normapur-analytical-reagent},
  urldate = {2021-04-19}
}
@online{D2O,
  author = {},
  title = {},
  year = {},
  url = {https://shop.isotope.com/supplyimages/MSDS025/DEUTERIUM_OXIDE__D__99.9___DLM_4_GHS_V.8.2.pdf},
  urldate = {2021-04-19}
}
@online{Bruker,
  author = {BRUKER},
  title = {Grundlagen der FT-IR-Spektroskopie},
  year = {},
  url = {https://www.bruker.com/content/bruker/int/de/products-and-solutions/infrared-and-raman/ft-ir-routine-spectrometer/what-is-ft-ir-spectroscopy.html},
  urldate = {2021-04-19}
}
@online{ATR,
  author = {Thermo Fisher Scientific - US},
  title = {FTIR Sample Techniques: Attenuated Total Reflection (ATR)},
  year = {},
  url = {https://www.thermofisher.com/ch/en/home/industrial/spectroscopy-elemental-isotope-analysis/spectroscopy-elemental-isotope-analysis-learning-center/molecular-spectroscopy-information/ftir-information/ftir-sample-handling-techniques/ftir-sample-handling-techniques-attenuated-total-reflection-atr.html},
  urldate = {2021-04-19}
}


