%% LaTeX2e file `OSP.bib'
%% generated by the `filecontents' environment
%% from source `DDR' on 2021/10/09.
%%

%Papers/Journals
@article{enthalpieT,
  title={Enthalpy of vaporization, its temperature dependence and correlation with surface tension: a theoretical approach},
  author={Alibakhshi, Amin},
  journal={Fluid Phase Equilibria},
  volume={432},
  pages={62--69},
  year={2017},
  publisher={Elsevier}
}
@article{bp,
  title={Quantitative structure-property relationships for prediction of boiling point, vapor pressure, and melting point},
  author={Dearden, John C},
  journal={Environmental Toxicology and Chemistry: An International Journal},
  volume={22},
  number={8},
  pages={1696--1709},
  year={2003},
  publisher={Wiley Online Library}
}




%Books
@book{Book_Name,
 place={},
 title={},
  publisher={},
  author={},
  chapter = {},
  pages = {},
   year={}
   }


@book{meister,
  title={Grundpraktikum Physikalische Chemie: Theorie und Experimente},
  author={Meister, Erich},
  year={Version 17. Februar 2021},
  publisher={prov. 3.Aufl.,vdf Hochschulverlag AG an der ETH Zuerich}
}

@book{reference,
  title={Properties of gases and liquids},
  author={Poling, Bruce E and Prausnitz, John M and O’connell, John P},
  year={2001},
  publisher={McGraw-Hill Education}
}

@book{FTIR,
  title={Green synthesis, characterization and applications of nanoparticles},
  author={Shukla, Ashutosh Kumar and Iravani, Siavash},
  chapter = {12},
  pages = {303-319},
  year={2018},
  publisher={Elsevier}
}

% websites
@online{nhexane,
  author = {},
  title = {nhexane},
  year = {},
  url = {https://www.sigmaaldrich.com/catalog/product/mm/104391?lang=en&region=GB},
  urldate = {2021-05-27}
}
@online{methanol,
  author = {},
  title = {methanol},
  year = {},
  url = {https://www.sigmaaldrich.com/catalog/product/mm/106009?lang=en&region=GB},
  urldate = {2021-05-27}
}
@online{ethanol,
  author = {},
  title = {ethanol},
  year = {},
  url = {https://www.sigmaaldrich.com/catalog/product/mm/100983?lang=en&region=GB&gclid=CjwKCAjwqcKFBhAhEiwAfEr7zWpGSQrSt92RQ4nciBtxosH0CKxcwSZkxbZxyq86p3Zo6e3xtN2o4RoCLkAQAvD_BwE},
  urldate = {2021-05-28}
}
@online{buyancy,
  author = {},
  title = {},
  year = {},
  url = {https://chem.libretexts.org/Ancillary_Materials/Reference/Reference_Tables/Analytic_References/Appendix_093A_Correcting_Mass_for_the_Buoyancy_of_Air},
  urldate = {2021-05-28}
}
@online{def,
  author = {Encyclopædia Britannica},
  title = {Vapour pressure},
  year = {2021},
  url = {https://www.britannica.com/science/vapor-pressure},
  urldate = {2021-06-01}
}





